%YAML 1.1
%TAG !u! tag:unity3d.com,2011:
--- !u!29 &1
OcclusionCullingSettings:
  m_ObjectHideFlags: 0
  serializedVersion: 2
  m_OcclusionBakeSettings:
    smallestOccluder: 5
    smallestHole: 0.25
    backfaceThreshold: 100
  m_SceneGUID: 00000000000000000000000000000000
  m_OcclusionCullingData: {fileID: 0}
--- !u!104 &2
RenderSettings:
  m_ObjectHideFlags: 0
  serializedVersion: 7
  m_Fog: 0
  m_FogColor: {r: 0.5, g: 0.5, b: 0.5, a: 1}
  m_FogMode: 3
  m_FogDensity: 0.01
  m_LinearFogStart: 0
  m_LinearFogEnd: 300
  m_AmbientSkyColor: {r: 0.212, g: 0.227, b: 0.259, a: 1}
  m_AmbientEquatorColor: {r: 0.114, g: 0.125, b: 0.133, a: 1}
  m_AmbientGroundColor: {r: 0.047, g: 0.043, b: 0.035, a: 1}
  m_AmbientIntensity: 1
  m_AmbientMode: 0
  m_SkyboxMaterial: {fileID: 10304, guid: 0000000000000000f000000000000000, type: 0}
  m_HaloStrength: 0.5
  m_FlareStrength: 1
  m_FlareFadeSpeed: 3
  m_HaloTexture: {fileID: 0}
  m_SpotCookie: {fileID: 10001, guid: 0000000000000000e000000000000000, type: 0}
  m_DefaultReflectionMode: 0
  m_DefaultReflectionResolution: 128
  m_ReflectionBounces: 1
  m_ReflectionIntensity: 1
  m_CustomReflection: {fileID: 0}
  m_Sun: {fileID: 0}
  m_IndirectSpecularColor: {r: 0.44657898, g: 0.4964133, b: 0.5748178, a: 1}
--- !u!157 &3
LightmapSettings:
  m_ObjectHideFlags: 0
  serializedVersion: 7
  m_GIWorkflowMode: 0
  m_GISettings:
    serializedVersion: 2
    m_BounceScale: 1
    m_IndirectOutputScale: 1
    m_AlbedoBoost: 1
    m_TemporalCoherenceThreshold: 1
    m_EnvironmentLightingMode: 0
    m_EnableBakedLightmaps: 1
    m_EnableRealtimeLightmaps: 1
  m_LightmapEditorSettings:
    serializedVersion: 4
    m_Resolution: 2
    m_BakeResolution: 40
    m_TextureWidth: 1024
    m_TextureHeight: 1024
    m_AO: 0
    m_AOMaxDistance: 1
    m_CompAOExponent: 1
    m_CompAOExponentDirect: 0
    m_Padding: 2
    m_LightmapParameters: {fileID: 0}
    m_LightmapsBakeMode: 1
    m_TextureCompression: 1
    m_DirectLightInLightProbes: 1
    m_FinalGather: 0
    m_FinalGatherFiltering: 1
    m_FinalGatherRayCount: 256
    m_ReflectionCompression: 2
  m_LightingDataAsset: {fileID: 0}
  m_RuntimeCPUUsage: 25
--- !u!196 &4
NavMeshSettings:
  serializedVersion: 2
  m_ObjectHideFlags: 0
  m_BuildSettings:
    serializedVersion: 2
    agentTypeID: 0
    agentRadius: 0.5
    agentHeight: 2
    agentSlope: 45
    agentClimb: 0.4
    ledgeDropHeight: 0
    maxJumpAcrossDistance: 0
    minRegionArea: 2
    manualCellSize: 0
    cellSize: 0.16666667
    accuratePlacement: 0
  m_NavMeshData: {fileID: 0}
--- !u!1001 &251790181
Prefab:
  m_ObjectHideFlags: 0
  serializedVersion: 2
  m_Modification:
    m_TransformParent: {fileID: 0}
    m_Modifications:
    - target: {fileID: 4486278157424508, guid: 5169bd106e1dd5d40a8eafee690db6e5, type: 2}
      propertyPath: m_LocalPosition.x
      value: -20.85
      objectReference: {fileID: 0}
    - target: {fileID: 4486278157424508, guid: 5169bd106e1dd5d40a8eafee690db6e5, type: 2}
      propertyPath: m_LocalPosition.y
      value: 0
      objectReference: {fileID: 0}
    - target: {fileID: 4486278157424508, guid: 5169bd106e1dd5d40a8eafee690db6e5, type: 2}
      propertyPath: m_LocalPosition.z
      value: 0
      objectReference: {fileID: 0}
    - target: {fileID: 4486278157424508, guid: 5169bd106e1dd5d40a8eafee690db6e5, type: 2}
      propertyPath: m_LocalRotation.x
      value: 0
      objectReference: {fileID: 0}
    - target: {fileID: 4486278157424508, guid: 5169bd106e1dd5d40a8eafee690db6e5, type: 2}
      propertyPath: m_LocalRotation.y
      value: -0
      objectReference: {fileID: 0}
    - target: {fileID: 4486278157424508, guid: 5169bd106e1dd5d40a8eafee690db6e5, type: 2}
      propertyPath: m_LocalRotation.z
      value: -0
      objectReference: {fileID: 0}
    - target: {fileID: 4486278157424508, guid: 5169bd106e1dd5d40a8eafee690db6e5, type: 2}
      propertyPath: m_LocalRotation.w
      value: 1
      objectReference: {fileID: 0}
    - target: {fileID: 4486278157424508, guid: 5169bd106e1dd5d40a8eafee690db6e5, type: 2}
      propertyPath: m_RootOrder
      value: 6
      objectReference: {fileID: 0}
    m_RemovedComponents: []
  m_ParentPrefab: {fileID: 100100000, guid: 5169bd106e1dd5d40a8eafee690db6e5, type: 2}
  m_IsPrefabParent: 0
--- !u!1 &481552889
GameObject:
  m_ObjectHideFlags: 0
  m_PrefabParentObject: {fileID: 0}
  m_PrefabInternal: {fileID: 0}
  serializedVersion: 5
  m_Component:
  - component: {fileID: 481552894}
  - component: {fileID: 481552893}
  - component: {fileID: 481552892}
  - component: {fileID: 481552891}
  - component: {fileID: 481552890}
  m_Layer: 0
  m_Name: Main Camera
  m_TagString: MainCamera
  m_Icon: {fileID: 0}
  m_NavMeshLayer: 0
  m_StaticEditorFlags: 0
  m_IsActive: 1
--- !u!81 &481552890
AudioListener:
  m_ObjectHideFlags: 0
  m_PrefabParentObject: {fileID: 0}
  m_PrefabInternal: {fileID: 0}
  m_GameObject: {fileID: 481552889}
  m_Enabled: 1
--- !u!124 &481552891
Behaviour:
  m_ObjectHideFlags: 0
  m_PrefabParentObject: {fileID: 0}
  m_PrefabInternal: {fileID: 0}
  m_GameObject: {fileID: 481552889}
  m_Enabled: 1
--- !u!92 &481552892
Behaviour:
  m_ObjectHideFlags: 0
  m_PrefabParentObject: {fileID: 0}
  m_PrefabInternal: {fileID: 0}
  m_GameObject: {fileID: 481552889}
  m_Enabled: 1
--- !u!20 &481552893
Camera:
  m_ObjectHideFlags: 0
  m_PrefabParentObject: {fileID: 0}
  m_PrefabInternal: {fileID: 0}
  m_GameObject: {fileID: 481552889}
  m_Enabled: 1
  serializedVersion: 2
  m_ClearFlags: 1
  m_BackGroundColor: {r: 0.19215687, g: 0.3019608, b: 0.4745098, a: 0}
  m_NormalizedViewPortRect:
    serializedVersion: 2
    x: 0
    y: 0
    width: 1
    height: 1
  near clip plane: 0.3
  far clip plane: 1000
  field of view: 60
  orthographic: 0
  orthographic size: 5
  m_Depth: -1
  m_CullingMask:
    serializedVersion: 2
    m_Bits: 4294967295
  m_RenderingPath: -1
  m_TargetTexture: {fileID: 0}
  m_TargetDisplay: 0
  m_TargetEye: 3
  m_HDR: 0
  m_OcclusionCulling: 1
  m_StereoConvergence: 10
  m_StereoSeparation: 0.022
  m_StereoMirrorMode: 0
--- !u!4 &481552894
Transform:
  m_ObjectHideFlags: 0
  m_PrefabParentObject: {fileID: 0}
  m_PrefabInternal: {fileID: 0}
  m_GameObject: {fileID: 481552889}
  m_LocalRotation: {x: 0, y: 0, z: 0, w: 1}
  m_LocalPosition: {x: 19.17, y: 1, z: -25}
  m_LocalScale: {x: 1, y: 1, z: 1}
  m_Children: []
  m_Father: {fileID: 0}
  m_RootOrder: 0
  m_LocalEulerAnglesHint: {x: 0, y: 0, z: 0}
--- !u!1 &593119247
GameObject:
  m_ObjectHideFlags: 0
  m_PrefabParentObject: {fileID: 0}
  m_PrefabInternal: {fileID: 0}
  serializedVersion: 5
  m_Component:
  - component: {fileID: 593119249}
  - component: {fileID: 593119248}
  m_Layer: 0
  m_Name: Line
  m_TagString: Untagged
  m_Icon: {fileID: 0}
  m_NavMeshLayer: 0
  m_StaticEditorFlags: 0
  m_IsActive: 1
--- !u!120 &593119248
LineRenderer:
  m_ObjectHideFlags: 0
  m_PrefabParentObject: {fileID: 0}
  m_PrefabInternal: {fileID: 0}
  m_GameObject: {fileID: 593119247}
  m_Enabled: 1
  m_CastShadows: 1
  m_ReceiveShadows: 1
  m_MotionVectors: 0
  m_LightProbeUsage: 0
  m_ReflectionProbeUsage: 0
  m_Materials:
  - {fileID: 2100000, guid: 9625648c014793c428e717c036c10c01, type: 2}
  m_StaticBatchInfo:
    firstSubMesh: 0
    subMeshCount: 0
  m_StaticBatchRoot: {fileID: 0}
  m_ProbeAnchor: {fileID: 0}
  m_LightProbeVolumeOverride: {fileID: 0}
  m_ScaleInLightmap: 1
  m_PreserveUVs: 0
  m_IgnoreNormalsForChartDetection: 0
  m_ImportantGI: 0
  m_SelectedEditorRenderState: 3
  m_MinimumChartSize: 4
  m_AutoUVMaxDistance: 0.5
  m_AutoUVMaxAngle: 89
  m_LightmapParameters: {fileID: 0}
  m_SortingLayerID: 0
  m_SortingOrder: 0
  m_Positions: []
  m_Parameters:
    serializedVersion: 2
    widthMultiplier: 0.2
    widthCurve:
      serializedVersion: 2
      m_Curve:
      - serializedVersion: 2
        time: 0
        value: 1
        inSlope: 0
        outSlope: 0
        tangentMode: 0
      m_PreInfinity: 2
      m_PostInfinity: 2
      m_RotationOrder: 4
    colorGradient:
      key0:
        serializedVersion: 2
        rgba: 4278190335
      key1:
        serializedVersion: 2
        rgba: 4278190335
      key2:
        serializedVersion: 2
        rgba: 0
      key3:
        serializedVersion: 2
        rgba: 0
      key4:
        serializedVersion: 2
        rgba: 0
      key5:
        serializedVersion: 2
        rgba: 0
      key6:
        serializedVersion: 2
        rgba: 0
      key7:
        serializedVersion: 2
        rgba: 0
      ctime0: 0
      ctime1: 65535
      ctime2: 0
      ctime3: 0
      ctime4: 0
      ctime5: 0
      ctime6: 0
      ctime7: 0
      atime0: 0
      atime1: 65535
      atime2: 0
      atime3: 0
      atime4: 0
      atime5: 0
      atime6: 0
      atime7: 0
      m_Mode: 0
      m_NumColorKeys: 2
      m_NumAlphaKeys: 2
    numCornerVertices: 0
    numCapVertices: 0
    alignment: 0
    textureMode: 0
  m_UseWorldSpace: 1
--- !u!4 &593119249
Transform:
  m_ObjectHideFlags: 0
  m_PrefabParentObject: {fileID: 0}
  m_PrefabInternal: {fileID: 0}
  m_GameObject: {fileID: 593119247}
  m_LocalRotation: {x: 0, y: 0, z: 0, w: 1}
  m_LocalPosition: {x: 0, y: 0, z: 0}
  m_LocalScale: {x: 1, y: 1, z: 1}
  m_Children: []
  m_Father: {fileID: 0}
  m_RootOrder: 3
  m_LocalEulerAnglesHint: {x: 0, y: 0, z: 0}
--- !u!1 &674136576
GameObject:
  m_ObjectHideFlags: 0
  m_PrefabParentObject: {fileID: 0}
  m_PrefabInternal: {fileID: 0}
  serializedVersion: 5
  m_Component:
  - component: {fileID: 674136577}
  - component: {fileID: 674136580}
  - component: {fileID: 674136579}
  - component: {fileID: 674136578}
  m_Layer: 0
  m_Name: Cylinder
  m_TagString: Untagged
  m_Icon: {fileID: 0}
  m_NavMeshLayer: 0
  m_StaticEditorFlags: 0
  m_IsActive: 1
--- !u!4 &674136577
Transform:
  m_ObjectHideFlags: 0
  m_PrefabParentObject: {fileID: 0}
  m_PrefabInternal: {fileID: 0}
  m_GameObject: {fileID: 674136576}
  m_LocalRotation: {x: -0.49978104, y: -0.50021887, z: 0.4997811, w: 0.5002189}
  m_LocalPosition: {x: -0, y: 0, z: -1.4900001}
  m_LocalScale: {x: 0.28, y: 1, z: 0.28}
  m_Children: []
  m_Father: {fileID: 1251812482}
  m_RootOrder: 0
  m_LocalEulerAnglesHint: {x: 0, y: 0, z: 89.950005}
--- !u!23 &674136578
MeshRenderer:
  m_ObjectHideFlags: 0
  m_PrefabParentObject: {fileID: 0}
  m_PrefabInternal: {fileID: 0}
  m_GameObject: {fileID: 674136576}
  m_Enabled: 1
  m_CastShadows: 1
  m_ReceiveShadows: 1
  m_MotionVectors: 1
  m_LightProbeUsage: 1
  m_ReflectionProbeUsage: 1
  m_Materials:
  - {fileID: 10303, guid: 0000000000000000f000000000000000, type: 0}
  m_StaticBatchInfo:
    firstSubMesh: 0
    subMeshCount: 0
  m_StaticBatchRoot: {fileID: 0}
  m_ProbeAnchor: {fileID: 0}
  m_LightProbeVolumeOverride: {fileID: 0}
  m_ScaleInLightmap: 1
  m_PreserveUVs: 1
  m_IgnoreNormalsForChartDetection: 0
  m_ImportantGI: 0
  m_SelectedEditorRenderState: 3
  m_MinimumChartSize: 4
  m_AutoUVMaxDistance: 0.5
  m_AutoUVMaxAngle: 89
  m_LightmapParameters: {fileID: 0}
  m_SortingLayerID: 0
  m_SortingOrder: 0
--- !u!136 &674136579
CapsuleCollider:
  m_ObjectHideFlags: 0
  m_PrefabParentObject: {fileID: 0}
  m_PrefabInternal: {fileID: 0}
  m_GameObject: {fileID: 674136576}
  m_Material: {fileID: 0}
  m_IsTrigger: 0
  m_Enabled: 1
  m_Radius: 0.5
  m_Height: 2
  m_Direction: 1
  m_Center: {x: 0, y: 0, z: 0}
--- !u!33 &674136580
MeshFilter:
  m_ObjectHideFlags: 0
  m_PrefabParentObject: {fileID: 0}
  m_PrefabInternal: {fileID: 0}
  m_GameObject: {fileID: 674136576}
  m_Mesh: {fileID: 10206, guid: 0000000000000000e000000000000000, type: 0}
--- !u!1 &741724952
GameObject:
  m_ObjectHideFlags: 0
  m_PrefabParentObject: {fileID: 0}
  m_PrefabInternal: {fileID: 0}
  serializedVersion: 5
  m_Component:
  - component: {fileID: 741724956}
  - component: {fileID: 741724955}
  - component: {fileID: 741724954}
  - component: {fileID: 741724953}
  m_Layer: 0
  m_Name: Quad
  m_TagString: Untagged
  m_Icon: {fileID: 0}
  m_NavMeshLayer: 0
  m_StaticEditorFlags: 0
  m_IsActive: 1
--- !u!23 &741724953
MeshRenderer:
  m_ObjectHideFlags: 0
  m_PrefabParentObject: {fileID: 0}
  m_PrefabInternal: {fileID: 0}
  m_GameObject: {fileID: 741724952}
  m_Enabled: 1
  m_CastShadows: 1
  m_ReceiveShadows: 0
  m_MotionVectors: 1
  m_LightProbeUsage: 1
  m_ReflectionProbeUsage: 1
  m_Materials:
  - {fileID: 10303, guid: 0000000000000000f000000000000000, type: 0}
  m_StaticBatchInfo:
    firstSubMesh: 0
    subMeshCount: 0
  m_StaticBatchRoot: {fileID: 0}
  m_ProbeAnchor: {fileID: 0}
  m_LightProbeVolumeOverride: {fileID: 0}
  m_ScaleInLightmap: 1
  m_PreserveUVs: 1
  m_IgnoreNormalsForChartDetection: 0
  m_ImportantGI: 0
  m_SelectedEditorRenderState: 3
  m_MinimumChartSize: 4
  m_AutoUVMaxDistance: 0.5
  m_AutoUVMaxAngle: 89
  m_LightmapParameters: {fileID: 0}
  m_SortingLayerID: 0
  m_SortingOrder: 0
--- !u!64 &741724954
MeshCollider:
  m_ObjectHideFlags: 0
  m_PrefabParentObject: {fileID: 0}
  m_PrefabInternal: {fileID: 0}
  m_GameObject: {fileID: 741724952}
  m_Material: {fileID: 0}
  m_IsTrigger: 0
  m_Enabled: 1
  serializedVersion: 2
  m_Convex: 0
  m_InflateMesh: 0
  m_SkinWidth: 0.01
  m_Mesh: {fileID: 10210, guid: 0000000000000000e000000000000000, type: 0}
--- !u!33 &741724955
MeshFilter:
  m_ObjectHideFlags: 0
  m_PrefabParentObject: {fileID: 0}
  m_PrefabInternal: {fileID: 0}
  m_GameObject: {fileID: 741724952}
  m_Mesh: {fileID: 10210, guid: 0000000000000000e000000000000000, type: 0}
--- !u!4 &741724956
Transform:
  m_ObjectHideFlags: 0
  m_PrefabParentObject: {fileID: 0}
  m_PrefabInternal: {fileID: 0}
  m_GameObject: {fileID: 741724952}
  m_LocalRotation: {x: 0, y: 0, z: 0, w: 1}
  m_LocalPosition: {x: 20, y: 0, z: 1}
  m_LocalScale: {x: 64, y: 32, z: 1}
  m_Children: []
  m_Father: {fileID: 0}
  m_RootOrder: 5
  m_LocalEulerAnglesHint: {x: 0, y: 0, z: 0}
--- !u!1 &964973429
GameObject:
  m_ObjectHideFlags: 0
  m_PrefabParentObject: {fileID: 0}
  m_PrefabInternal: {fileID: 0}
  serializedVersion: 5
  m_Component:
  - component: {fileID: 964973431}
  - component: {fileID: 964973430}
  m_Layer: 0
  m_Name: Directional Light
  m_TagString: Untagged
  m_Icon: {fileID: 0}
  m_NavMeshLayer: 0
  m_StaticEditorFlags: 0
  m_IsActive: 1
--- !u!108 &964973430
Light:
  m_ObjectHideFlags: 0
  m_PrefabParentObject: {fileID: 0}
  m_PrefabInternal: {fileID: 0}
  m_GameObject: {fileID: 964973429}
  m_Enabled: 1
  serializedVersion: 7
  m_Type: 1
  m_Color: {r: 1, g: 0.95686275, b: 0.8392157, a: 1}
  m_Intensity: 1
  m_Range: 10
  m_SpotAngle: 30
  m_CookieSize: 10
  m_Shadows:
    m_Type: 2
    m_Resolution: -1
    m_CustomResolution: -1
    m_Strength: 1
    m_Bias: 0.05
    m_NormalBias: 0.4
    m_NearPlane: 0.2
  m_Cookie: {fileID: 0}
  m_DrawHalo: 0
  m_Flare: {fileID: 0}
  m_RenderMode: 0
  m_CullingMask:
    serializedVersion: 2
    m_Bits: 4294967295
  m_Lightmapping: 4
  m_AreaSize: {x: 1, y: 1}
  m_BounceIntensity: 1
  m_ShadowRadius: 0
  m_ShadowAngle: 0
--- !u!4 &964973431
Transform:
  m_ObjectHideFlags: 0
  m_PrefabParentObject: {fileID: 0}
  m_PrefabInternal: {fileID: 0}
  m_GameObject: {fileID: 964973429}
  m_LocalRotation: {x: 0.40821788, y: -0.23456968, z: 0.10938163, w: 0.8754261}
  m_LocalPosition: {x: 0, y: 3, z: 0}
  m_LocalScale: {x: 1, y: 1, z: 1}
  m_Children: []
  m_Father: {fileID: 0}
  m_RootOrder: 2
  m_LocalEulerAnglesHint: {x: 50, y: -30, z: 0}
--- !u!1001 &1250520558
Prefab:
  m_ObjectHideFlags: 0
  serializedVersion: 2
  m_Modification:
    m_TransformParent: {fileID: 0}
    m_Modifications:
    - target: {fileID: 400000, guid: 8b15dcfd83c035c48ac04b12d43ffec8, type: 3}
      propertyPath: m_LocalPosition.x
      value: 33.27
      objectReference: {fileID: 0}
    - target: {fileID: 400000, guid: 8b15dcfd83c035c48ac04b12d43ffec8, type: 3}
      propertyPath: m_LocalPosition.y
      value: -9.82
      objectReference: {fileID: 0}
    - target: {fileID: 400000, guid: 8b15dcfd83c035c48ac04b12d43ffec8, type: 3}
      propertyPath: m_LocalPosition.z
      value: -24.89
      objectReference: {fileID: 0}
    - target: {fileID: 400000, guid: 8b15dcfd83c035c48ac04b12d43ffec8, type: 3}
      propertyPath: m_LocalRotation.x
      value: -0.1305268
      objectReference: {fileID: 0}
    - target: {fileID: 400000, guid: 8b15dcfd83c035c48ac04b12d43ffec8, type: 3}
      propertyPath: m_LocalRotation.y
      value: 0.00000025115253
      objectReference: {fileID: 0}
    - target: {fileID: 400000, guid: 8b15dcfd83c035c48ac04b12d43ffec8, type: 3}
      propertyPath: m_LocalRotation.z
      value: 0.000000033065
      objectReference: {fileID: 0}
    - target: {fileID: 400000, guid: 8b15dcfd83c035c48ac04b12d43ffec8, type: 3}
      propertyPath: m_LocalRotation.w
      value: 0.9914448
      objectReference: {fileID: 0}
    - target: {fileID: 400000, guid: 8b15dcfd83c035c48ac04b12d43ffec8, type: 3}
      propertyPath: m_RootOrder
      value: 1
      objectReference: {fileID: 0}
    - target: {fileID: 400000, guid: 8b15dcfd83c035c48ac04b12d43ffec8, type: 3}
      propertyPath: m_LocalEulerAnglesHint.y
      value: 0
      objectReference: {fileID: 0}
    - target: {fileID: 400000, guid: 8b15dcfd83c035c48ac04b12d43ffec8, type: 3}
      propertyPath: m_LocalEulerAnglesHint.x
      value: -15.000001
      objectReference: {fileID: 0}
    - target: {fileID: 400000, guid: 8b15dcfd83c035c48ac04b12d43ffec8, type: 3}
      propertyPath: m_LocalScale.x
      value: 1
      objectReference: {fileID: 0}
    - target: {fileID: 400000, guid: 8b15dcfd83c035c48ac04b12d43ffec8, type: 3}
      propertyPath: m_LocalScale.y
      value: 1
      objectReference: {fileID: 0}
    - target: {fileID: 400000, guid: 8b15dcfd83c035c48ac04b12d43ffec8, type: 3}
      propertyPath: m_LocalScale.z
      value: 1
      objectReference: {fileID: 0}
    - target: {fileID: 2300000, guid: 8b15dcfd83c035c48ac04b12d43ffec8, type: 3}
      propertyPath: m_ReceiveShadows
      value: 0
      objectReference: {fileID: 0}
    m_RemovedComponents: []
  m_ParentPrefab: {fileID: 100100000, guid: 8b15dcfd83c035c48ac04b12d43ffec8, type: 3}
  m_IsPrefabParent: 0
--- !u!1 &1251812477
GameObject:
  m_ObjectHideFlags: 0
  m_PrefabParentObject: {fileID: 0}
  m_PrefabInternal: {fileID: 0}
  serializedVersion: 5
  m_Component:
  - component: {fileID: 1251812482}
  - component: {fileID: 1251812481}
  - component: {fileID: 1251812480}
  - component: {fileID: 1251812479}
  - component: {fileID: 1251812478}
  m_Layer: 0
  m_Name: Player
  m_TagString: Untagged
  m_Icon: {fileID: 0}
  m_NavMeshLayer: 0
  m_StaticEditorFlags: 0
  m_IsActive: 1
--- !u!114 &1251812478
MonoBehaviour:
  m_ObjectHideFlags: 0
  m_PrefabParentObject: {fileID: 0}
  m_PrefabInternal: {fileID: 0}
  m_GameObject: {fileID: 1251812477}
  m_Enabled: 1
  m_EditorHideFlags: 0
  m_Script: {fileID: 11500000, guid: f33b9c4b6a14f1c4ab9496d3d41c3218, type: 3}
  m_Name: 
  m_EditorClassIdentifier: 
  lr: {fileID: 593119248}
  linePointAmount: 5000
  step: 0.05
  waveSpeed: 1
  adjustment: 0.01
  animSpeed: 1
  l_minMax:
  - -0.8
  - 5
  h_minMax:
  - -1
  - 5
--- !u!23 &1251812479
MeshRenderer:
  m_ObjectHideFlags: 0
  m_PrefabParentObject: {fileID: 0}
  m_PrefabInternal: {fileID: 0}
  m_GameObject: {fileID: 1251812477}
  m_Enabled: 1
  m_CastShadows: 1
  m_ReceiveShadows: 1
  m_MotionVectors: 1
  m_LightProbeUsage: 1
  m_ReflectionProbeUsage: 1
  m_Materials:
  - {fileID: 10303, guid: 0000000000000000f000000000000000, type: 0}
  m_StaticBatchInfo:
    firstSubMesh: 0
    subMeshCount: 0
  m_StaticBatchRoot: {fileID: 0}
  m_ProbeAnchor: {fileID: 0}
  m_LightProbeVolumeOverride: {fileID: 0}
  m_ScaleInLightmap: 1
  m_PreserveUVs: 1
  m_IgnoreNormalsForChartDetection: 0
  m_ImportantGI: 0
  m_SelectedEditorRenderState: 3
  m_MinimumChartSize: 4
  m_AutoUVMaxDistance: 0.5
  m_AutoUVMaxAngle: 89
  m_LightmapParameters: {fileID: 0}
  m_SortingLayerID: 0
  m_SortingOrder: 0
--- !u!135 &1251812480
SphereCollider:
  m_ObjectHideFlags: 0
  m_PrefabParentObject: {fileID: 0}
  m_PrefabInternal: {fileID: 0}
  m_GameObject: {fileID: 1251812477}
  m_Material: {fileID: 0}
  m_IsTrigger: 0
  m_Enabled: 1
  serializedVersion: 2
  m_Radius: 0.5
  m_Center: {x: 0, y: 0, z: 0}
--- !u!33 &1251812481
MeshFilter:
  m_ObjectHideFlags: 0
  m_PrefabParentObject: {fileID: 0}
  m_PrefabInternal: {fileID: 0}
  m_GameObject: {fileID: 1251812477}
  m_Mesh: {fileID: 10207, guid: 0000000000000000e000000000000000, type: 0}
--- !u!4 &1251812482
Transform:
  m_ObjectHideFlags: 0
  m_PrefabParentObject: {fileID: 0}
  m_PrefabInternal: {fileID: 0}
  m_GameObject: {fileID: 1251812477}
  m_LocalRotation: {x: -0, y: 0.70710677, z: -0, w: 0.7071069}
  m_LocalPosition: {x: 0, y: 0, z: 0}
  m_LocalScale: {x: 1, y: 1, z: 1}
  m_Children:
  - {fileID: 674136577}
  m_Father: {fileID: 0}
  m_RootOrder: 4
  m_LocalEulerAnglesHint: {x: 0, y: 90.00001, z: 0}
